@misc{amd,
	etitle = {AMD Ryzen 7 4700U},
	url    = {\url{https://www.amd.com/en/product/9096}},
    accessed = {26.01.2025},
}

@misc{mem,
	etitle = {Документация ядра Linux. Управление физической памятью},
	url    = {\url{https://www.kernel.org/doc/html/latest/mm/physical_memory.html}},
    accessed = {19.02.2025},
}

@misc{numatop,
	etitle = {Справочный центр Astra Linux. Топология NUMA},
	url    = {\url{https://wiki.astralinux.ru/brest/3.3/topologiya-numa-299471479.html}},
    accessed = {19.02.2025},
}

@misc{pmem,
	etitle = {Документация ядра Linux. Описание физической памяти},
	url    = {\url{https://www.kernel.org/doc/gorman/html/understand/understand005.html}},
    accessed = {19.02.2025},
}

@misc{kprobe,
	etitle = {Документация ядра Linux. Пробы ядра (Kprobes)},
	url    = {\url{https://www.kernel.org/doc/html/latest/trace/kprobes.html}},
    accessed = {19.02.2025},
}

@misc{tracepoints,
	etitle = {Документация ядра Linux. Использование tracepoints},
	url    = {\url{https://www.kernel.org/doc/html/latest/trace/tracepoints.html}},
    accessed = {19.02.2025},
}

@misc{ftrace,
	etitle = {Документация ядра Linux. Использование tracepoints},
	url    = {\url{https://www.kernel.org/doc/html/latest/trace/ftrace.html}},
    accessed = {19.02.2025},
}
